<?xml version="1.0" encoding="UTF-8"?><record xmlns="http://www.loc.gov/MARC21/slim" xmlns:cinclude="http://apache.org/cocoon/include/1.0" xmlns:zs="http://www.loc.gov/zing/srw/">
  <leader>00523cz  a2200157n  4500</leader>
  <controlfield tag="001">nr2004017158</controlfield>
  <controlfield tag="003">DLC</controlfield>
  <controlfield tag="005">20130322110037.0</controlfield>
  <controlfield tag="008">040604n| azannaabn          |a aaa     c</controlfield>
  <datafield tag="010" ind1=" " ind2=" ">
    <subfield code="a">nr2004017158</subfield>
  </datafield>
  <datafield tag="040" ind1=" " ind2=" ">
    <subfield code="a">NIC</subfield>
    <subfield code="b">eng</subfield>
    <subfield code="e">rda</subfield>
    <subfield code="c">NIC</subfield>
    <subfield code="d">DLC</subfield>
  </datafield>
  <datafield tag="046" ind1=" " ind2=" ">
    <subfield code="f">1888</subfield>
  </datafield>
  <datafield tag="100" ind1="1" ind2=" ">
    <subfield code="a">Roeper, Ludwig-Ernst,</subfield>
    <subfield code="d">1888-</subfield>
  </datafield>
  <datafield tag="400" ind1="1" ind2=" ">
    <subfield code="w">nnea</subfield>
    <subfield code="a">Roeper, Ludwig-Ernst,</subfield>
    <subfield code="d">b. 1888</subfield>
  </datafield>
  <datafield tag="670" ind1=" " ind2=" ">
    <subfield code="a">Wechselnehmer, Aussteller und Annehmer, 1915:</subfield>
    <subfield code="b">t.p. (Ludwig-Ernst Roeper)</subfield>
  </datafield>
  <datafield tag="670" ind1=" " ind2=" ">
    <subfield code="a">RLIN, June 3, 2004</subfield>
    <subfield code="b">(hdgs.: Roeper, Ludwig-Ernst, 1888- ; Roeper, Ludwig-Ernst)</subfield>
  </datafield>
</record>